@InProceedings{Ailon-2014,
    Author        = {Nir Ailon},
    Booktitle     = {Proceedings of the Seventeenth International Conference on Artificial Intelligence and Statistics, AISTATS 2014, Reykjavik, Iceland, April 22-25, 2014},
    Pages         = {29--37},
    Title         = {Improved Bounds for Online Learning Over the Permutahedron and Other Ranking Polytopes},
    Year          = {2014},
}

@InProceedings{Azar-Gamzu-Yin-2009,
    Author        = {Yossi Azar and Iftah Gamzu and Xiaoxin Yin},
    Booktitle     = {Proceedings of the 41st Annual {ACM} Symposium on Theory of Computing, {STOC} 2009, Bethesda, MD, USA, May 31 - June 2, 2009},
    Pages         = {669--678},
    Title         = {Multiple intents re-ranking},
    Year          = {2009},
}

@InProceedings{Radlinski-Kleinberg-Joachims-2008,
    Author        = {Filip Radlinski and Robert Kleinberg and Thorsten Joachims},
    Booktitle     = {Proceedings of the 25th International Conference on Machine Learning, ICML 2008, Helsinki, Finland, July 5-9, 2008},
    Organization  = {ACM},
    Pages         = {784--791},
    Title         = {Learning diverse rankings with multi-armed bandits},
    Year          = {2008},
}

@InProceedings{Schuth-Oosterhuis-Whiteson-de-Rijke-2016,
    Author        = {Anne Schuth and Harrie Oosterhuis and Shimon Whiteson and Maarten de Rijke},
    Booktitle     = {Proceedings of the Ninth {ACM} International Conference on Web Search and Data Mining, San Francisco, CA, USA, February 22-25, 2016},
    Pages         = {457--466},
    Title         = {Multileave Gradient Descent for Fast Online Learning to Rank},
    Year          = {2016},
}
