%% This BibTeX bibliography file was created using BibDesk.
%% http://bibdesk.sourceforge.net/

%% Created for Robert Istvan Busa-Fekete at 2017-04-21 11:41:38 -0400 


%% Saved with string encoding Unicode (UTF-8) 



@inproceedings{SchuthOWR16,
	Author = {Anne Schuth and Harrie Oosterhuis and Shimon Whiteson and Maarten de Rijke},
	Booktitle = {Proceedings of the Ninth {ACM} International Conference on Web Search and Data Mining, San Francisco, CA, USA, February 22-25, 2016},
	Date-Added = {2017-04-21 15:41:19 +0000},
	Date-Modified = {2017-04-21 15:41:36 +0000},
	Doi = {10.1145/2835776.2835804},
	Pages = {457--466},
	Title = {Multileave Gradient Descent for Fast Online Learning to Rank},
	Url = {http://doi.acm.org/10.1145/2835776.2835804},
	Year = {2016},
	Bdsk-File-1 = {YnBsaXN0MDDUAQIDBAUGJCVYJHZlcnNpb25YJG9iamVjdHNZJGFyY2hpdmVyVCR0b3ASAAGGoKgHCBMUFRYaIVUkbnVsbNMJCgsMDxJXTlMua2V5c1pOUy5vYmplY3RzViRjbGFzc6INDoACgAOiEBGABIAFgAdccmVsYXRpdmVQYXRoWWFsaWFzRGF0YV8QMi4uLy4uLy4uL0Ryb3Bib3gvQmliRGVzay9wZGZwYXBlcnMvU2NodXRoT1dSMTYucGRm0hcLGBlXTlMuZGF0YU8RAb4AAAAAAb4AAgAAD0MwMlQyMVIwRlZINC1sbQAAAAAAAAAAAAAAANStHatIKwAAAAlucw9TY2h1dGhPV1IxNi5wZGYAAAAAAAAAAAAAAAAAAAAAAAAAAAAAAAAAAAAAAAAAAAAAAAAAAAAAAAAAAAAAAAAALISV1R59JgAAAAAAAAAAAAMABAAACSAAAAAAAAAAAAAAAAAAAAAJcGRmcGFwZXJzAAAQAAgAANStY/sAAAARAAgAANUetWYAAAABABQACW5zAAltUAAJbAMABvh+AAZhmgACAE9DMDJUMjFSMEZWSDQtbG06VXNlcnM6AGJ1c2FmZWtldGU6AERyb3Bib3g6AEJpYkRlc2s6AHBkZnBhcGVyczoAU2NodXRoT1dSMTYucGRmAAAOACAADwBTAGMAaAB1AHQAaABPAFcAUgAxADYALgBwAGQAZgAPACAADwBDADAAMgBUADIAMQBSADAARgBWAEgANAAtAGwAbQASADpVc2Vycy9idXNhZmVrZXRlL0Ryb3Bib3gvQmliRGVzay9wZGZwYXBlcnMvU2NodXRoT1dSMTYucGRmABMAAS8AABUAAgAR//8AAIAG0hscHR5aJGNsYXNzbmFtZVgkY2xhc3Nlc11OU011dGFibGVEYXRhox0fIFZOU0RhdGFYTlNPYmplY3TSGxwiI1xOU0RpY3Rpb25hcnmiIiBfEA9OU0tleWVkQXJjaGl2ZXLRJidUcm9vdIABAAgAEQAaACMALQAyADcAQABGAE0AVQBgAGcAagBsAG4AcQBzAHUAdwCEAI4AwwDIANACkgKUApkCpAKtArsCvwLGAs8C1ALhAuQC9gL5Av4AAAAAAAACAQAAAAAAAAAoAAAAAAAAAAAAAAAAAAADAA==},
	Bdsk-Url-1 = {http://doi.acm.org/10.1145/2835776.2835804},
	Bdsk-Url-2 = {http://dx.doi.org/10.1145/2835776.2835804}}

@inproceedings{AzarGY09,
	Author = {Yossi Azar and Iftah Gamzu and Xiaoxin Yin},
	Booktitle = {Proceedings of the 41st Annual {ACM} Symposium on Theory of Computing, {STOC} 2009, Bethesda, MD, USA, May 31 - June 2, 2009},
	Date-Added = {2017-04-21 15:32:39 +0000},
	Date-Modified = {2017-04-21 15:33:00 +0000},
	Doi = {10.1145/1536414.1536505},
	Pages = {669--678},
	Title = {Multiple intents re-ranking},
	Url = {http://doi.acm.org/10.1145/1536414.1536505},
	Year = {2009},
	Bdsk-File-1 = {YnBsaXN0MDDUAQIDBAUGJCVYJHZlcnNpb25YJG9iamVjdHNZJGFyY2hpdmVyVCR0b3ASAAGGoKgHCBMUFRYaIVUkbnVsbNMJCgsMDxJXTlMua2V5c1pOUy5vYmplY3RzViRjbGFzc6INDoACgAOiEBGABIAFgAdccmVsYXRpdmVQYXRoWWFsaWFzRGF0YV8QLy4uLy4uLy4uL0Ryb3Bib3gvQmliRGVzay9wZGZwYXBlcnMvQXphckdZMDkucGRm0hcLGBlXTlMuZGF0YU8RAbIAAAAAAbIAAgAAD0MwMlQyMVIwRlZINC1sbQAAAAAAAAAAAAAAANStHatIKwAAAAlucwxBemFyR1kwOS5wZGYAAAAAAAAAAAAAAAAAAAAAAAAAAAAAAAAAAAAAAAAAAAAAAAAAAAAAAAAAAAAAAAAAAAAAKj4X1RpNGAAAAAAAAAAAAAMABAAACSAAAAAAAAAAAAAAAAAAAAAJcGRmcGFwZXJzAAAQAAgAANStY/sAAAARAAgAANUahVgAAAABABQACW5zAAltUAAJbAMABvh+AAZhmgACAExDMDJUMjFSMEZWSDQtbG06VXNlcnM6AGJ1c2FmZWtldGU6AERyb3Bib3g6AEJpYkRlc2s6AHBkZnBhcGVyczoAQXphckdZMDkucGRmAA4AGgAMAEEAegBhAHIARwBZADAAOQAuAHAAZABmAA8AIAAPAEMAMAAyAFQAMgAxAFIAMABGAFYASAA0AC0AbABtABIAN1VzZXJzL2J1c2FmZWtldGUvRHJvcGJveC9CaWJEZXNrL3BkZnBhcGVycy9BemFyR1kwOS5wZGYAABMAAS8AABUAAgAR//8AAIAG0hscHR5aJGNsYXNzbmFtZVgkY2xhc3Nlc11OU011dGFibGVEYXRhox0fIFZOU0RhdGFYTlNPYmplY3TSGxwiI1xOU0RpY3Rpb25hcnmiIiBfEA9OU0tleWVkQXJjaGl2ZXLRJidUcm9vdIABAAgAEQAaACMALQAyADcAQABGAE0AVQBgAGcAagBsAG4AcQBzAHUAdwCEAI4AwADFAM0CgwKFAooClQKeAqwCsAK3AsACxQLSAtUC5wLqAu8AAAAAAAACAQAAAAAAAAAoAAAAAAAAAAAAAAAAAAAC8Q==},
	Bdsk-Url-1 = {http://doi.acm.org/10.1145/1536414.1536505},
	Bdsk-Url-2 = {http://dx.doi.org/10.1145/1536414.1536505}}

@inproceedings{RaKlJo08,
	Author = {Radlinski, Filip and Kleinberg, Robert and Joachims, Thorsten},
	Booktitle = {Proceedings of the 25th International Conference on Machine Learning},
	Date-Added = {2017-04-14 17:41:18 +0000},
	Date-Modified = {2017-04-14 17:41:18 +0000},
	Keywords = {Ranking, Bandits, preference},
	Organization = {ACM},
	Pages = {784--791},
	Title = {Learning diverse rankings with multi-armed bandits},
	Year = {2008},
	Bdsk-File-1 = {YnBsaXN0MDDUAQIDBAUGJCVYJHZlcnNpb25YJG9iamVjdHNZJGFyY2hpdmVyVCR0b3ASAAGGoKgHCBMUFRYaIVUkbnVsbNMJCgsMDxJXTlMua2V5c1pOUy5vYmplY3RzViRjbGFzc6INDoACgAOiEBGABIAFgAdccmVsYXRpdmVQYXRoWWFsaWFzRGF0YV8QLy4uLy4uLy4uL0Ryb3Bib3gvQmliRGVzay9wZGZwYXBlcnMvUmFLbEpvMDgucGRm0hcLGBlXTlMuZGF0YU8RAbIAAAAAAbIAAgAAD0MwMlQyMVIwRlZINC1sbQAAAAAAAAAAAAAAANStHatIKwAAAAlucwxSYUtsSm8wOC5wZGYAAAAAAAAAAAAAAAAAAAAAAAAAAAAAAAAAAAAAAAAAAAAAAAAAAAAAAAAAAAAAAAAAAAAACXiXze1mvgAAAAAAAAAAAAMABAAACSAAAAAAAAAAAAAAAAAAAAAJcGRmcGFwZXJzAAAQAAgAANStY/sAAAARAAgAAM3tnv4AAAABABQACW5zAAltUAAJbAMABvh+AAZhmgACAExDMDJUMjFSMEZWSDQtbG06VXNlcnM6AGJ1c2FmZWtldGU6AERyb3Bib3g6AEJpYkRlc2s6AHBkZnBhcGVyczoAUmFLbEpvMDgucGRmAA4AGgAMAFIAYQBLAGwASgBvADAAOAAuAHAAZABmAA8AIAAPAEMAMAAyAFQAMgAxAFIAMABGAFYASAA0AC0AbABtABIAN1VzZXJzL2J1c2FmZWtldGUvRHJvcGJveC9CaWJEZXNrL3BkZnBhcGVycy9SYUtsSm8wOC5wZGYAABMAAS8AABUAAgAR//8AAIAG0hscHR5aJGNsYXNzbmFtZVgkY2xhc3Nlc11OU011dGFibGVEYXRhox0fIFZOU0RhdGFYTlNPYmplY3TSGxwiI1xOU0RpY3Rpb25hcnmiIiBfEA9OU0tleWVkQXJjaGl2ZXLRJidUcm9vdIABAAgAEQAaACMALQAyADcAQABGAE0AVQBgAGcAagBsAG4AcQBzAHUAdwCEAI4AwADFAM0CgwKFAooClQKeAqwCsAK3AsACxQLSAtUC5wLqAu8AAAAAAAACAQAAAAAAAAAoAAAAAAAAAAAAAAAAAAAC8Q==}}

@inproceedings{Ail14,
	Author = {Nir Ailon},
	Booktitle = {Proceedings of the Seventeenth International Conference on Artificial Intelligence and Statistics, {AISTATS}},
	Date-Added = {2017-04-14 17:20:57 +0000},
	Date-Modified = {2017-04-14 17:20:57 +0000},
	Pages = {29--37},
	Title = {Improved Bounds for Online Learning Over the Permutahedron and Other Ranking Polytopes},
	Year = {2014}}
